<record><leader>00000cas a2200000 a 4500</leader><controlfield tag="001">52201662</controlfield><controlfield tag="008">030507d19181923orucn ne      0    0eng c</controlfield><datafield ind1=" " ind2=" " tag="010"><subfield code="a">  2004260231</subfield></datafield><datafield ind1=" " ind2=" " tag="040"><subfield code="a">ORU</subfield><subfield code="b">eng</subfield><subfield code="c">ORU</subfield><subfield code="d">OCLCQ</subfield><subfield code="d">OCLCF</subfield><subfield code="d">OCLCO</subfield></datafield><datafield ind1="1" ind2=" " tag="029"><subfield code="a">AU@</subfield><subfield code="b">000025543084</subfield></datafield><datafield ind1=" " ind2=" " tag="042"><subfield code="a">pcc</subfield></datafield><datafield ind1=" " ind2=" " tag="043"><subfield code="a">n-us-or</subfield></datafield><datafield ind1="0" ind2=" " tag="130"><subfield code="a">Summer sun (Eugene, Or. : 1918)</subfield></datafield><datafield ind1="1" ind2="4" tag="245"><subfield code="a">The summer sun.</subfield></datafield><datafield ind1=" " ind2=" " tag="260"><subfield code="a">Eugene [Or.] :</subfield><subfield code="b">University of Oregon,</subfield><subfield code="c">1918-1923.</subfield></datafield><datafield ind1=" " ind2=" " tag="300"><subfield code="a">4 v. :</subfield><subfield code="b">ill. ;</subfield><subfield code="c">26-29 cm.</subfield></datafield><datafield ind1=" " ind2=" " tag="310"><subfield code="a">Twice a week (during summer session)</subfield></datafield><datafield ind1="0" ind2=" " tag="362"><subfield code="a">Vol. 1, no. 1 (June 25, 1918)-v. 4, no. 11 (Aug. 1, 1923).</subfield></datafield><datafield ind1=" " ind2=" " tag="515"><subfield code="a">Suspended 1920-1922.</subfield></datafield><datafield ind1=" " ind2=" " tag="530"><subfield code="a">Also issued on microfilm from University of Oregon.</subfield></datafield><datafield ind1=" " ind2=" " tag="550"><subfield code="a">Issued by: School of Journalism, University of Oregon.</subfield></datafield><datafield ind1=" " ind2=" " tag="580"><subfield code="a">Some numbers issued as part of: University of Oregon news bulletin.</subfield></datafield><datafield ind1=" " ind2=" " tag="580"><subfield code="a">Summer ed. of: Oregon emerald, 1918-1920; Oregon daily emerald, 1921-1923.</subfield></datafield><datafield ind1="2" ind2="0" tag="610"><subfield code="a">University of Oregon</subfield><subfield code="v">Newspapers.</subfield></datafield><datafield ind1=" " ind2="0" tag="651"><subfield code="a">Eugene (Or.)</subfield><subfield code="v">Newspapers.</subfield></datafield><datafield ind1=" " ind2="7" tag="655"><subfield code="a">Newspapers.</subfield><subfield code="2">fast</subfield><subfield code="0">(OCoLC)fst01423814</subfield></datafield><datafield ind1="2" ind2="7" tag="610"><subfield code="a">University of Oregon.</subfield><subfield code="2">fast</subfield><subfield code="0">(OCoLC)fst00549753</subfield></datafield><datafield ind1=" " ind2="7" tag="651"><subfield code="a">Oregon</subfield><subfield code="z">Eugene.</subfield><subfield code="2">fast</subfield><subfield code="0">(OCoLC)fst01205922</subfield></datafield><datafield ind1="2" ind2=" " tag="710"><subfield code="a">University of Oregon.</subfield><subfield code="b">School of Journalism.</subfield></datafield><datafield ind1=" " ind2=" " tag="752"><subfield code="a">United States</subfield><subfield code="b">Oregon</subfield><subfield code="c">Lane</subfield><subfield code="d">Eugene.</subfield></datafield><datafield ind1="1" ind2=" " tag="775"><subfield code="t">Oregon emerald</subfield><subfield code="w">(DLC)  2004260238</subfield><subfield code="w">(OCoLC)55134724</subfield></datafield><datafield ind1="1" ind2=" " tag="775"><subfield code="t">Oregon daily emerald</subfield><subfield code="w">(DLC)  2004260239</subfield><subfield code="w">(OCoLC)55134738</subfield></datafield><datafield ind1="0" ind2="0" tag="785"><subfield code="t">Summer session sun</subfield><subfield code="w">(DLC)  2004260232</subfield><subfield code="w">(OCoLC)52201656</subfield></datafield><datafield ind1=" " ind2="0" tag="830"><subfield code="a">University of Oregon news bulletin.</subfield></datafield></record>